<?xml version="1.0" encoding="UTF-8"?><collection xmlns="http://www.loc.gov/MARC21/slim"><record><leader>00404nam--2200145-i-4500</leader><controlfield tag="001">000022689</controlfield><controlfield tag="002">20161230</controlfield><controlfield tag="005">20161230201034</controlfield><controlfield tag="008">060222s1000------------r-----000-0-eng-d</controlfield><datafield ind1=" " ind2=" " tag="080"><subfield code="a">547</subfield></datafield><datafield ind1=" " ind2=" " tag="100"><subfield code="a">Hauptmann, Siegfried</subfield></datafield><datafield ind1=" " ind2=" " tag="245"><subfield code="a">Uber den ablauf organisch-chemischer reaktionen</subfield></datafield><datafield ind1=" " ind2=" " tag="260"><subfield code="a">Berlin, Akademie-verlag, 1967. 208 P</subfield></datafield><datafield ind1=" " ind2=" " tag="490"><subfield code="a">Wtb. Wissenschaftliche Taschenbucher, Bd.8</subfield></datafield><datafield ind1=" " ind2=" " tag="852"><subfield code="a">27565</subfield></datafield></record></collection>